<record><leader>00000cas a22000007a 4500</leader><controlfield tag="001">17409445</controlfield><controlfield tag="008">880129d19uu1uuumnuwr ne      0    0hrv d</controlfield><datafield ind1=" " ind2=" " tag="010"><subfield code="a">sn 88086010 </subfield></datafield><datafield ind1=" " ind2=" " tag="040"><subfield code="a">NPV</subfield><subfield code="b">eng</subfield><subfield code="c">NPV</subfield><subfield code="d">OCLCQ</subfield><subfield code="d">NVF</subfield><subfield code="d">OCLCF</subfield><subfield code="d">OCLCO</subfield><subfield code="d">OCLCA</subfield></datafield><datafield ind1="1" ind2=" " tag="029"><subfield code="a">AU@</subfield><subfield code="b">000025821466</subfield></datafield><datafield ind1=" " ind2=" " tag="042"><subfield code="a">msc</subfield></datafield><datafield ind1=" " ind2=" " tag="043"><subfield code="a">n-us---</subfield></datafield><datafield ind1="0" ind2="0" tag="245"><subfield code="a">Radnic&#780;ka obrana.</subfield></datafield><datafield ind1="1" ind2="3" tag="246"><subfield code="a">Workingmen's defender</subfield></datafield><datafield ind1=" " ind2=" " tag="260"><subfield code="a">Duluth, Minn. ;</subfield><subfield code="a">Salt Lake City, Utah ;</subfield><subfield code="a">Chicago [Ill.] :</subfield><subfield code="b">Croation Pub. Co.</subfield></datafield><datafield ind1=" " ind2=" " tag="300"><subfield code="a">v.</subfield></datafield><datafield ind1=" " ind2=" " tag="310"><subfield code="a">Weekly</subfield></datafield><datafield ind1="8" ind2=" " tag="521"><subfield code="a">" ... to reach half a million Croations and Serv[b]ians ..."</subfield></datafield><datafield ind1=" " ind2=" " tag="588"><subfield code="a">Description based on: Year 12, no. 10 (March 11, 1916).</subfield></datafield><datafield ind1=" " ind2="0" tag="650"><subfield code="a">Croats</subfield><subfield code="z">United States</subfield><subfield code="v">Newspapers.</subfield></datafield><datafield ind1=" " ind2="0" tag="650"><subfield code="a">Serbs</subfield><subfield code="z">United States</subfield><subfield code="v">Newspapers.</subfield></datafield><datafield ind1=" " ind2="7" tag="655"><subfield code="a">Newspapers.</subfield><subfield code="2">fast</subfield><subfield code="0">(OCoLC)fst01423814</subfield></datafield><datafield ind1=" " ind2="7" tag="650"><subfield code="a">Croats.</subfield><subfield code="2">fast</subfield><subfield code="0">(OCoLC)fst00883833</subfield></datafield><datafield ind1=" " ind2="7" tag="650"><subfield code="a">Serbs.</subfield><subfield code="2">fast</subfield><subfield code="0">(OCoLC)fst01113050</subfield></datafield><datafield ind1=" " ind2="7" tag="651"><subfield code="a">United States.</subfield><subfield code="2">fast</subfield><subfield code="0">(OCoLC)fst01204155</subfield></datafield><datafield ind1=" " ind2=" " tag="752"><subfield code="a">United States</subfield><subfield code="b">Minnesota</subfield><subfield code="c">St. Louis</subfield><subfield code="d">Duluth.</subfield></datafield><datafield ind1=" " ind2=" " tag="752"><subfield code="a">United States</subfield><subfield code="b">Utah</subfield><subfield code="c">Salt Lake</subfield><subfield code="d">Salt Lake City.</subfield></datafield><datafield ind1=" " ind2=" " tag="752"><subfield code="a">United States</subfield><subfield code="b">Illinois</subfield><subfield code="c">Cook</subfield><subfield code="d">Chicago.</subfield></datafield><datafield ind1=" " ind2=" " tag="752"><subfield code="a">United States</subfield><subfield code="b">Illinois</subfield><subfield code="c">DuPage</subfield><subfield code="d">Chicago.</subfield></datafield></record>